<record><leader>00000cas a22000007a 4500</leader><controlfield tag="001">20388968</controlfield><controlfield tag="008">890925d18941902mnuwr n       0    0eng d</controlfield><datafield ind1=" " ind2=" " tag="010"><subfield code="a">sn 89064129 </subfield></datafield><datafield ind1=" " ind2=" " tag="040"><subfield code="a">MN#</subfield><subfield code="b">eng</subfield><subfield code="c">MN#</subfield><subfield code="d">OCLCQ</subfield><subfield code="d">OCLCF</subfield><subfield code="d">OCLCO</subfield></datafield><datafield ind1=" " ind2=" " tag="042"><subfield code="a">msc</subfield></datafield><datafield ind1=" " ind2=" " tag="043"><subfield code="a">n-us-mn</subfield></datafield><datafield ind1=" " ind2=" " tag="052"><subfield code="a">4144</subfield><subfield code="b">B85</subfield></datafield><datafield ind1=" " ind2=" " tag="052"><subfield code="a">4143</subfield><subfield code="b">T7</subfield></datafield><datafield ind1="0" ind2=" " tag="130"><subfield code="a">Inter-lake tribune (Browns Valley, Minn. : 1894)</subfield></datafield><datafield ind1="1" ind2="0" tag="245"><subfield code="a">Inter-lake tribune.</subfield></datafield><datafield ind1=" " ind2=" " tag="260"><subfield code="a">Browns Valley, Minn. :</subfield><subfield code="b">S.Y. Gordon,</subfield><subfield code="c">-1902.</subfield></datafield><datafield ind1=" " ind2=" " tag="300"><subfield code="a">v.</subfield></datafield><datafield ind1=" " ind2=" " tag="310"><subfield code="a">Weekly</subfield></datafield><datafield ind1="1" ind2=" " tag="362"><subfield code="a">Began in 1894?</subfield></datafield><datafield ind1="0" ind2=" " tag="362"><subfield code="a">-v. 17, no. 30 (Feb. 20, 1902).</subfield></datafield><datafield ind1=" " ind2=" " tag="588"><subfield code="a">Description based on: Vol. 10, no. 23 (Jan. 4, 1895).</subfield></datafield><datafield ind1=" " ind2="0" tag="651"><subfield code="a">Browns Valley (Minn.)</subfield><subfield code="v">Newspapers.</subfield></datafield><datafield ind1=" " ind2="7" tag="655"><subfield code="a">Newspapers.</subfield><subfield code="2">fast</subfield><subfield code="0">(OCoLC)fst01423814</subfield></datafield><datafield ind1=" " ind2="7" tag="651"><subfield code="a">Minnesota</subfield><subfield code="z">Browns Valley.</subfield><subfield code="2">fast</subfield><subfield code="0">(OCoLC)fst01252404</subfield></datafield><datafield ind1=" " ind2=" " tag="752"><subfield code="a">United States</subfield><subfield code="b">Minnesota</subfield><subfield code="c">Traverse</subfield><subfield code="d">Browns Valley.</subfield></datafield><datafield ind1="0" ind2="0" tag="780"><subfield code="t">Inter-lake tribune and Traverse County times</subfield><subfield code="w">(DLC)sn 89064131</subfield></datafield><datafield ind1="0" ind2="0" tag="785"><subfield code="t">Browns Valley inter-lake tribune</subfield><subfield code="w">(DLC)sn 89064151</subfield></datafield></record>